<record><leader>00000cas a22000007a 4500</leader><controlfield tag="001">21979738</controlfield><controlfield tag="008">900709d19091911pr dr ne      0    0spa d</controlfield><datafield ind1=" " ind2=" " tag="010"><subfield code="a">sn 90070179 </subfield></datafield><datafield ind1=" " ind2=" " tag="040"><subfield code="a">PNN</subfield><subfield code="b">eng</subfield><subfield code="c">PNN</subfield><subfield code="d">NYS</subfield><subfield code="d">CRL</subfield><subfield code="d">OCLCQ</subfield></datafield><datafield ind1=" " ind2=" " tag="042"><subfield code="a">msc</subfield></datafield><datafield ind1="0" ind2=" " tag="130"><subfield code="a">Diario de Puerto Rico (Ponce, P.R. : 1909)</subfield></datafield><datafield ind1="1" ind2="3" tag="245"><subfield code="a">El diario de Puerto Rico.</subfield></datafield><datafield ind1=" " ind2=" " tag="260"><subfield code="a">Ponce, P.R. :</subfield><subfield code="b">Tip. La Defensa</subfield></datafield><datafield ind1=" " ind2=" " tag="300"><subfield code="a">v.</subfield></datafield><datafield ind1=" " ind2=" " tag="310"><subfield code="a">Daily</subfield></datafield><datafield ind1="0" ind2=" " tag="362"><subfield code="a">An&#771;o 1, nu&#769;m.1 (13 de dic. de 1909)-</subfield></datafield><datafield ind1=" " ind2=" " tag="500"><subfield code="a">"Perio&#769;dico poli&#769;tico defensor de los ideales de la Unio&#769;n de Puerto Rico y de los intereses generales del pai&#769;s."</subfield></datafield><datafield ind1=" " ind2=" " tag="752"><subfield code="a">United States</subfield><subfield code="b">Puerto Rico</subfield><subfield code="d">Ponce.</subfield></datafield><datafield ind1="0" ind2="0" tag="785"><subfield code="t">Di&#769;a</subfield><subfield code="w">(DLC)sn 91099701</subfield><subfield code="w">(OCoLC)23136782</subfield></datafield></record>